<record><leader>00000cas a22000007a 4500</leader><controlfield tag="001">10406012</controlfield><controlfield tag="008">840211d18491854ohuwr ne      0    0eng d</controlfield><datafield ind1=" " ind2=" " tag="010"><subfield code="a">sn 84028079 </subfield></datafield><datafield ind1=" " ind2=" " tag="040"><subfield code="a">NPY</subfield><subfield code="b">eng</subfield><subfield code="c">NPY</subfield><subfield code="d">ONP</subfield><subfield code="d">OCL</subfield><subfield code="d">OCLCQ</subfield><subfield code="d">OCLCF</subfield><subfield code="d">OCLCO</subfield></datafield><datafield ind1="1" ind2=" " tag="029"><subfield code="a">AU@</subfield><subfield code="b">000020121108</subfield></datafield><datafield ind1=" " ind2=" " tag="042"><subfield code="a">msc</subfield></datafield><datafield ind1=" " ind2=" " tag="043"><subfield code="a">n-us-oh</subfield></datafield><datafield ind1="0" ind2="0" tag="245"><subfield code="a">Geauga republic.</subfield></datafield><datafield ind1="3" ind2="0" tag="246"><subfield code="a">Geauga weekly republic</subfield></datafield><datafield ind1=" " ind2=" " tag="260"><subfield code="a">Chardon, Ohio :</subfield><subfield code="b">W.W. &amp; E. Bruce,</subfield><subfield code="c">1849-1854.</subfield></datafield><datafield ind1=" " ind2=" " tag="300"><subfield code="a">v.</subfield></datafield><datafield ind1=" " ind2=" " tag="310"><subfield code="a">Weekly</subfield></datafield><datafield ind1="0" ind2=" " tag="362"><subfield code="a">Vol. 8, no. 7 (Dec. 25, 1849)-v. 12, no. 11 (Jan. 17, 1854).</subfield></datafield><datafield ind1=" " ind2="0" tag="651"><subfield code="a">Chardon (Ohio)</subfield><subfield code="v">Newspapers.</subfield></datafield><datafield ind1=" " ind2="0" tag="651"><subfield code="a">Geauga County (Ohio)</subfield><subfield code="v">Newspapers.</subfield></datafield><datafield ind1=" " ind2="7" tag="655"><subfield code="a">Newspapers.</subfield><subfield code="2">fast</subfield><subfield code="0">(OCoLC)fst01423814</subfield></datafield><datafield ind1=" " ind2="7" tag="651"><subfield code="a">Ohio</subfield><subfield code="z">Chardon.</subfield><subfield code="2">fast</subfield><subfield code="0">(OCoLC)fst01275396</subfield></datafield><datafield ind1=" " ind2="7" tag="651"><subfield code="a">Ohio</subfield><subfield code="z">Geauga County.</subfield><subfield code="2">fast</subfield><subfield code="0">(OCoLC)fst01213680</subfield></datafield><datafield ind1=" " ind2=" " tag="752"><subfield code="a">United States</subfield><subfield code="b">Ohio</subfield><subfield code="c">Geauga</subfield><subfield code="d">Chardon.</subfield></datafield><datafield ind1="0" ind2="0" tag="780"><subfield code="t">Republican and Whig (Chardon, Ohio : 1847)</subfield><subfield code="w">(DLC)sn 84028078</subfield></datafield><datafield ind1="0" ind2="0" tag="785"><subfield code="t">Daily Ohio City express</subfield><subfield code="w">(DLC)sn 83035122</subfield></datafield></record>